@article{papke1996econometric,
  title={Econometric methods for fractional response variables with an application to 401 (k) plan participation rates},
  author={Papke, Leslie E and Wooldridge, Jeffrey M},
  journal={Journal of applied econometrics},
  volume={11},
  number={6},
  pages={619--632},
  year={1996},
  publisher={Wiley Online Library}
}